
@article{neuroevolution,
author= {{Stanley, K.} and Miikkulainen, R.},
title={ Efficient Evolution of Neural Network Topologies.},
publisher={University of Texas at Austin.},
url={ http://nn.cs.utexas.edu/downloads/papers/stanley.cec02.pdf}}

@misc{gen_alg,
author={Harvey, M.},
year= {2017} ,
title={Let's evolve a neural network using a genetic algorithm.},
publisher={ Coastline Automation},
url={ https://blog.coast.ai/lets-evolve-a-neural-network-with-a-genetic-algorithm-code-included-8809bece164}}

@misc{deap,
title={Distributed Evolutionary Algorithms in Python.},
year={2017},
url={https://github.com/DEAP/deap}}

@misc{lstm,
author={Aungiers, J.},
year={ 2018} ,
title={LSTM Neural Network for Time Series Prediction.}, 
url={https://github.com/jaungiers/LSTM-Neural-Network-for-Time-Series-Prediction}}